@book{Szeliski2012,
  author = {Szeliski, Richard},
  title = {Computer vision: Algorithms and Applications},
  publisher = {Springer},
  year = 2011,
  address = {London, New York},
  edition = {2nd Edition},
  url = {http://dx.doi.org/10.1007/978-1-84882-935-0}
}

@misc{Lazebnik1,
    author={A. Zisserman{,} S. Lazebnik},
    title="{Lecture 13 - Stereo Reconstruction}",
    year={unknown},
    note={Slides usados na exposição teórica.},
}

@misc{FergusL1,
    author={R Fergus{,} D. Forsyth},
    title="{Computer Vision - Lecture 1 (Part 2)}",
    note={Slides usados na exposição teórica, baseado em produções dos supracitados.},
    year={unknown}
}

@Inbook{Li2001,
    author="Li, Hongbo and Hestenes, David and Rockwood, Alyn",
    title="Generalized Homogeneous Coordinates for Computational Geometry",
    bookTitle="Geometric Computing with Clifford Algebras: Theoretical Foundations and Applications in Computer Vision and Robotics",
    year="2001",
    publisher="Springer Berlin Heidelberg",
    address="Berlin, Heidelberg",
    pages="27--59",
    isbn="978-3-662-04621-0",
    doi="10.1007/978-3-662-04621-0_2",
    url="https://doi.org/10.1007/978-3-662-04621-0_2"
}

@misc{Middleburry2014,
    author={Middleburry College}, 
    title={2014 Stereo datasets with ground truth},
    year={2015},
    url = {https://vision.middlebury.edu/stereo/data/scenes2014/}
}

@misc{codigo2020,
    author={Autoria própria},
    title={PVC: Projeto 1 - Visão estéreo},
    year={2020},
    url = {https://github.com/rodrigofegui/pvc/tree/main/Projetos/Projeto_1}
}